<?xml version="1.0" encoding="UTF-8"?><collection xmlns="http://www.loc.gov/MARC21/slim"><record><leader>00333nam--2200133-i-4500</leader><controlfield tag="001">000035007</controlfield><controlfield tag="002">20161230</controlfield><controlfield tag="005">20161230201040</controlfield><controlfield tag="008">060222s1000------------r-----000-0-eng-d</controlfield><datafield ind1=" " ind2=" " tag="080"><subfield code="a">621.384.6.004</subfield></datafield><datafield ind1=" " ind2=" " tag="245"><subfield code="a">New uses of ion accelerators</subfield></datafield><datafield ind1=" " ind2=" " tag="260"><subfield code="a">New York, Plenum Press, 1975. Xii+482p</subfield></datafield><datafield ind1=" " ind2=" " tag="700"><subfield code="a">James F.Ziegler</subfield></datafield><datafield ind1=" " ind2=" " tag="852"><subfield code="a">45595</subfield></datafield></record></collection>